@online{michelangelo,
    author        = {Jeremy Hermann, Mike Del Balso},
    title         = {Meet Michelangelo: Uber's Machine Learning Platform},
    year          = {September 5, 2017},
    url           = {https://eng.uber.com/michelangelo/}
}




@online{ipu-nips,
    author        = {various/unknown},
    title         = {GRAPHCORE - INTELLIGENT PROCESSING UNIT},
    year          = {Snapshot 26 Jan. 2018},
    url           = {https://cdn2.hubspot.net/hubfs/729091/NIPS2017/NIPS%2017%20-%20IPU.pdf?t=1513603679766}
}

@online{ipu-benchmarks,
    author        = {various/unknown},
    title         = {GRAPHCORE - BENCHMARKS},
    year          = {Snapshot 26 Jan. 2018},
    url           = {https://cdn2.hubspot.net/hubfs/729091/NIPS2017/NIPS%2017%20-%20benchmarks%20final.pdf?t=1513603679766}
}

@online{poplar-overview,
    author        = {various/unknown},
    title         = {GraphCore: Poplar Overview},
    year          = {Snapshot 26 Jan. 2018},
    url           = {https://www.graphcore.ai/hubfs/assets/Poplar%C2%81%20technical%20overview%20NEW%20BRAND.pdf?t=1500587501625}
}


@online{poplar-nips,
    author        = {various/unknown},
    title         = {PROGRAMMING THE IPU - POPLAR},
    year          = {Snapshot 26 Jan. 2018},
    url           = {https://cdn2.hubspot.net/hubfs/729091/NIPS2017/NIPS%2017%20Poplar%20Final.pdf?t=1514539729071}
}


@online{convnetjs-web,
    author        = {various/unknown},
    title         = {ConvNetJS - Deep Learning in your browser},
    year          = {Snapshot 22 Jan. 2018},
    url           = {http://cs.stanford.edu/people/karpathy/convnetjs}
}


@online{tf-wiki,
    author        = {various/unknown},
    title         = {TensorFlow wikipedia article},
    year          = {Snapshot 15 Jan. 2018},
    url           = {https://en.wikipedia.org/wiki/TensorFlow}
}

@online{tf-eager,
    author        = {Yaroslav Bulatov},
    title         = {TensorFlow meets PyTorch with Eager execution},
    year          = {Snapshot 19 Jan. 2018},
    url           = {https://medium.com/@yaroslavvb/tensorflow-meets-pytorch-with-eager-mode-714cce161e6c}
}



@online{tf-languages,
    author        = {various/unknown},
    title         = {TensorFlow in other languages},
    year          = {Snapshot 15 Jan. 2018, API r1.4.},
    url           = {https://www.tensorflow.org/extend/language_bindings}
}


@online{r-tf-api,
    author        = {various/unknown},
    title         = {R Interface to TensorFlow},
    year          = {Snapshot 15 Jan. 2018},
    url           = {https://tensorflow.rstudio.com}
}

@online{tb-photo,
    author        = {Vincent Chu},
    title         = {We Need to Go Deeper: A Practical Guide to Tensorflow and Inception},
    year          = {Snapshot 22 Jan. 2018},
    url           = {https://medium.com/initialized-capital/we-need-to-go-deeper-a-practical-guide-to-tensorflow-and-inception-50e66281804f}
}



@online{smhx,
    author        = {HackerNews user smhx},
    title         = {Interview to one of Torch7's maintainers},
    year          = {2014},
    url           = {https://news.ycombinator.com/item?id=7929216}
}

@online{so-trends,
    author        = {various/unknown},
    title         = {Per-tag Popularity at StackOverflow},
    year          = {Snapshot Jan. 2018},
    url           = {https://insights.stackoverflow.com/trends}
}





@online{keras-stats,
    author        = {various/unknown},
    title         = {Monthly ArXiv.org mentions (10-day average), 2018/01/12},
    year          = {Snapshot 15 Jan. 2018},
    url           = {https://twitter.com/fchollet/status/951829975711105024}
}


@book{goodfellow,
    title={Deep Learning},
    author={Ian Goodfellow and Yoshua Bengio and Aaron Courville},
    publisher={MIT Press},
    note={\url{http://www.deeplearningbook.org}},
    year={2016}
}


@online{about-caffe2-birth,
    author        = {Yangqing Jia},
    title         = {Comment and slides about birth of Caffe2},
    year          = {19 Apr. 2017},
    url           = {https://github.com/caffe2/caffe2/issues/274#issuecomment-294999833}
}


@online{improving-caffe,
    author        = {Yangqing Jia},
    title         = {Improving Caffe: Some Refactoring (slides)},
    year          = {2015},
    url           = {tutorial.caffe.berkeleyvision.org/caffe-cvpr15-improving.pdf}
}


@online{caffe2-web,
    author        = {various/unknown},
    title         = {Caffe2 docs - Learn More},
    year          = {Snapshot 19 Jan. 2018},
    url           = {https://caffe2.ai/docs}
}


@online{caffe-to-caffe2,
    author        = {various/unknown},
    title         = {Converting Models from Caffe to Caffe2},
    year          = {Snapshot 26 Jan. 2018},
    url           = {https://caffe2.ai/docs/caffe-migration.html}
}


@online{pytorch-web,
    author        = {various/unknown},
    title         = {Pytorch - About},
    year          = {Snapshot 19 Jan. 2018},
    url           = {http://pytorch.org/about/}
}

@online{pytorch-vs-tf,
    author        = {Awni Hannun},
    title         = {Pytorch or TensorFlow?},
    year          = {17 Aug. 2017},
    url           = {https://awni.github.io/pytorch-tensorflow/}
}



@online{skorch-web,
    author        = {Daniel Nouri},
    title         = {skorch (GitHub repository)},
    year          = {Snapshot 19 Jan. 2018},
    url           = {https://github.com/dnouri/skorch}
}


@online{cntk-web,
    author        = {various/unknown},
    title         = {The Microsoft Cognitive Toolkit},
    year          = {July 2017},
    url           = {https://docs.microsoft.com/en-us/cognitive-toolkit/}
}


@online{cntk-reasons,
    author        = {Pradeep Viswav},
    title         = {8 reasons why you should switch from TensorFlow to Microsoft Cognitive Toolkit (CNTK)},
    year          = {Juny 2017},
    url           = {https://mspoweruser.com/microsoft-8-reasons-why-you-should-switch-from-tensorflow-to-cntk/}
}





@online{keras-web,
    author        = {various/unknown},
    title         = {Keras Documentation},
    year          = {Snapshot 19 Jan. 2018},
    url           = {https://keras.io}
}


@online{mathematica-web,
    author        = {various/unknown},
    title         = {Wolfram Mathematica (webpage)},
    year          = {Snapshot 19 Jan. 2018},
    url           = {https://www.wolfram.com/mathematica/}
}







@online{petuum,
    author        = {Maruan Al-Shedivat and Zhiting Hu and Hao Zhang and Eric Xing},
    title         = {A Statistical Machine Learning Perspective of Deep Learning: Algorithm, Theory, Scalable Computing},
    year          = {2017},
    url           = {http://www.petuum.com/pdf/DL-all-final2.pdf}
}


@article{pyramidal-pooling,
  author    = {Kaiming He and
               Xiangyu Zhang and
               Shaoqing Ren and
               Jian Sun},
  title     = {Spatial Pyramid Pooling in Deep Convolutional Networks for Visual
               Recognition},
  journal   = {CoRR},
  volume    = {abs/1406.4729},
  year      = {2014},
  url       = {http://arxiv.org/abs/1406.4729},
  biburl    = {http://dblp.org/rec/bib/journals/corr/HeZR014},
}


@online{svd-review,
    author        = {Matthew Rubashkin},
    title         = {Getting Started with Deep Learning - A review of available tools},
    year          = {February 15, 2017},
    url           = {https://svds.com/getting-started-deep-learning/}
}

@online{chainer-review,
    author        = {various/unknown},
    title         = {Chainer - Comparison with Other Frameworks},
    year          = {July, 2017},
    url           = {https://docs.chainer.org/en/v4.0.0b1/comparison.html}
}

@online{chainer-benchmarks,
    author        = {Takuya Akiba},
    title         = {Performance of Distributed Deep Learning using ChainerMN},
    year          = {February 2017},
    url           = {https://chainer.org/general/2017/02/08/Performance-of-Distributed-Deep-Learning-Using-ChainerMN.html}
}


@article{autodiff-paper,
  author    = {Atilim Gunes Baydin and Barak A. Pearlmutter},
  title     = {Automatic Differentiation of Algorithms for Machine Learning},
  journal   = {CoRR},
  volume    = {abs/1404.7456},
  year      = {2014},
  url       = {http://arxiv.org/abs/1404.7456},
}

@online{bart-review,
    author        = {GitHub user bartvm},
    title         = { A comparison of deep learning frameworks},
    year          = {October 2015},
    url           = {https://gist.github.com/bartvm/69adf7aad100d58831b0}
}

@online{dl4j-review,
    author        = {various/unknown},
    title         = {Comparing Top Deep Learning Frameworks: Deeplearning4j, PyTorch, TensorFlow, Caffe, Keras, MxNet, Gluon & CNTK},
    year          = {2017},
    url           = {https://deeplearning4j.org/compare-dl4j-tensorflow-pytorch}
}


@online{dl4j-repo,
    author        = {various/unknown},
    title         = {deeplearning4j (GitHub repository)},
    year          = {Snapshot 19 Jan. 2018},
    url           = {https://github.com/deeplearning4j/deeplearning4j}
}

@online{dl4j-web,
    author        = {various/unknown},
    title         = {DL4J - Getting Started},
    year          = {Snapshot 19 Jan. 2018},
    url           = {https://deeplearning4j.org}
}

@online{dl4j-devguide,
    author        = {various/unknown},
    title         = {DL4J - Learn More},
    year          = {Snapshot 19 Jan. 2018},
    url           = {https://deeplearning4j.org/devguide#deeplearning4j-some-things-to-know}
}


@online{mxnet-repo,
    author        = {various/unknown},
    title         = {MxNet (GitHub repository)},
    year          = {Snapshot 19 Jan. 2018},
    url           = {https://github.com/apache/incubator-mxnet}
}

@online{mxnet-web,
    author        = {various/unknown},
    title         = {Apache MXNet - A flexible and efficient library for deep learningMxNet},
    year          = {Snapshot 22 Jan. 2018},
    url           = {https://mxnet.apache.org/}
}
@online{mxnet-incubator,
    author        = {various/unknown},
    title         = {MxNet (Webpage)},
    year          = {Snapshot 19 Jan. 2018},
    url           = {https://mxnet.incubator.apache.org}
}

@online{mxnet-plot,
    author        = {Adrian Rosebrock},
    title         = {How to plot accuracy and loss with mxnet},
    year          = {December 25th 2017},
    url           = {https://www.pyimagesearch.com/2017/12/25/plot-accuracy-loss-mxnet/}
}


@online{mxnet-wiki,
    author        = {various/unknown},
    title         = {MxNet (Wikipedia article)},
    year          = {Snapshot 16 Jan. 2018},
    url           = {https://en.wikipedia.org/wiki/MXNet}
}

@online{dali-autodiff,
    author        = {StackOverflow user Salvador Dali},
    title         = {Answer to: Is gradient in the tensorflow's graph calculated incorrectly?},
    year          = {June 2017},
    url           = {https://stackoverflow.com/a/45133884}
}

@online{domluna-autodiff,
    author        = {Dominique Luna},
    title         = {Automatic Differentiation, A.K.A please save me from backprop! (blog entry)},
    year          = {November 2015},
    url           = {https://domluna.me/automatic-differentiation-a.k.a-please-save-me-from-backprop/}
}

@online{domke-autodiff,
    author        = {Justin Domke},
    title         = {A simple explanation of reverse-mode automatic differentiation},
    year          = {March 2009},
    url           = {https://justindomke.wordpress.com/2009/03/24/a-simple-explanation-of-reverse-mode-automatic-differentiation/}
}


@online{github-stars,
    author        = {GitHub user timqian},
    title         = {GitHub Star Hystory (webapp)},
    year          = {Snapshot 15 Jan. 2018},
    url           = {http://www.timqian.com/star-history/#tensorflow/tensorflow&Microsoft/CNTK&BVLC/Caffe&caffe2/caffe2&torch/torch7&pytorch/pytorch&Theano/Theano&apache/incubator-mxnet&gluon-api/gluon-api&deeplearning4j/deeplearning4j&NervanaSystems/neon&NVIDIA/DIGITS&clab/dynet&PaddlePaddle/Paddle&scikit-learn/scikit-learn&dnouri/skorch&apache/incubator-singa&keras-team/keras&apache/spark}
}

@online{u39kun-benchmark,
    author        = {GitHub user u39kun},
    title         = {Deep Learning Benchmark},
    year          = {January 2018},
    url           = {https://github.com/u39kun/deep-learning-benchmark}
}


@online{onnx,
    author        = {Joaquin Quinonero Candela},
    title         = {Facebook and Microsoft introduce new open ecosystem for interchangeable AI frameworks},
    year          = {September 2017},
    url           = {https://research.fb.com/facebook-and-microsoft-introduce-new-open-ecosystem-for-interchangeable-ai-frameworks/}
}

@online{onnx-v1,
    author        = {Sarah Bird and Dmytro Dzhulgakov},
    title         = {ONNX V1 released},
    year          = {December 6, 2017},
    url           = {https://research.fb.com/onnx-v1-released/}
}

@online{onnx-repo,
    author        = {various/unknown},
    title         = {ONNX (GitHub repo)},
    year          = {Snapshot 26 Jan. 2018},
    url           = {https://github.com/onnx/onnx}
}



@online{gluon-tutorial,
    author        = {Mu Li, Zachary Lipton},
    title         = {Deep Learning in Apache MxNet Gluon},
    year          = {September 2017},
    url           = {https://github.com/zackchase/gluon-slides/blob/master/sept18-gluon.pdf}
}


@article{benchmark-paper17,
  author    = {Shaohuai Shi and Qiang Wang and Pengfei Xu and Xiaowen Chu},
  title     = {Benchmarking State-of-the-Art Deep Learning Software Tools},
  journal   = {CoRR},
  volume    = {abs/1608.07249},
  year      = {2016},
  url       = {http://arxiv.org/abs/1608.07249},
  archivePrefix = {arXiv},
  eprint    = {1608.07249},
  timestamp = {Wed, 07 Jun 2017 14:40:24 +0200},
  biburl    = {http://dblp.org/rec/bib/journals/corr/ShiWXC16},
  bibsource = {dblp computer science bibliography, http://dblp.org}
}

@online{evolution-ml,
    author        = {Catherine Dong},
    title         = {The evolution of machine learning - Crunch Network},
    year          = {August 8, 2017},
    url           = {https://techcrunch.com/2017/08/08/the-evolution-of-machine-learning/}
}

@online{michelangelo-oss,
    author        = {Priya Singh},
    title         = {Meet Michelangelo, Uber’s Machine Learning SaaS Platform},
    year          = {September 9, 2017},
    url           = {https://techcrunch.com/2017/08/08/the-evolution-of-machine-learning/}
}